% Encoding: UTF-8

@book{Sirotkin_2012,
  place  = {DÃ¼sseldorf},
  title  = {On Search Engine Evaluation Metrics},
  author = {Sirotkin, Pavel},
  year   = {2012}
} 